<?xml version="1.0" encoding="UTF-8"?><collection xmlns="http://www.loc.gov/MARC21/slim"><record><leader>00354nam--2200145-i-4500</leader><controlfield tag="001">000012480</controlfield><controlfield tag="002">20161230</controlfield><controlfield tag="005">20170218234238</controlfield><controlfield tag="008">060222s1000------------r-----000-0-eng-d</controlfield><datafield ind1=" " ind2=" " tag="100"><subfield code="a">Bullen, K. E</subfield></datafield><datafield ind1=" " ind2=" " tag="245"><subfield code="a">The earth s density</subfield></datafield><datafield ind1=" " ind2=" " tag="260"><subfield code="a">London</subfield><subfield code="b">Chapman And Hall</subfield><subfield code="c">1975</subfield></datafield><datafield ind1=" " ind2=" " tag="300"><subfield code="a">420 p</subfield></datafield><datafield ind1=" " ind2=" " tag="852"><subfield code="a">523.31.33:550.34</subfield></datafield><datafield ind1=" " ind2=" " tag="CAT"><subfield code="a">SYS</subfield><subfield code="c">20170218</subfield><subfield code="h">234238</subfield></datafield></record></collection>